<?xml version="1.0" encoding="UTF-8"?><collection xmlns="http://www.loc.gov/MARC21/slim"><record><leader>00395nam--2200145-i-4500</leader><controlfield tag="001">000038096</controlfield><controlfield tag="002">20161230</controlfield><controlfield tag="005">20170304153623</controlfield><controlfield tag="008">060222s1000------------r-----000-0-eng-d</controlfield><datafield ind1=" " ind2=" " tag="100"><subfield code="a">Reich, Herbert J</subfield></datafield><datafield ind1=" " ind2=" " tag="245"><subfield code="a">Theory and appliations of electron tubes. Second edition</subfield></datafield><datafield ind1=" " ind2=" " tag="260"><subfield code="a">New York</subfield><subfield code="b">Mcgraw Hill</subfield><subfield code="c">1944</subfield></datafield><datafield ind1=" " ind2=" " tag="300"><subfield code="a">XIX + 716 p.+ 7 F.Pl</subfield></datafield><datafield ind1=" " ind2=" " tag="852"><subfield code="a">2660</subfield></datafield><datafield ind1=" " ind2=" " tag="CAT"><subfield code="a">SYS</subfield><subfield code="c">20170304</subfield><subfield code="h">153623</subfield></datafield></record></collection>